<record><leader>00000cas a22000007a 4500</leader><controlfield tag="001">24914944</controlfield><controlfield tag="008">911209d18851889ncuwr ne      0    0eng d</controlfield><datafield ind1=" " ind2=" " tag="010"><subfield code="a">sn 91068498 </subfield></datafield><datafield ind1=" " ind2=" " tag="040"><subfield code="a">NVJ</subfield><subfield code="b">eng</subfield><subfield code="c">NVJ</subfield><subfield code="d">OCLCQ</subfield></datafield><datafield ind1=" " ind2=" " tag="042"><subfield code="a">msc</subfield></datafield><datafield ind1="0" ind2="4" tag="245"><subfield code="a">The Morganton star.</subfield></datafield><datafield ind1=" " ind2=" " tag="260"><subfield code="a">Morganton, N.C. :</subfield><subfield code="b">T.G. Cobb</subfield></datafield><datafield ind1=" " ind2=" " tag="300"><subfield code="a">v.</subfield></datafield><datafield ind1=" " ind2=" " tag="310"><subfield code="a">Weekly</subfield></datafield><datafield ind1="1" ind2=" " tag="362"><subfield code="a">Began in Mar. 1885.</subfield></datafield><datafield ind1="0" ind2=" " tag="362"><subfield code="a">-v. 5, no. 33 (Oct. 31, 1889).</subfield></datafield><datafield ind1=" " ind2=" " tag="550"><subfield code="a">Official paper of Burke County.</subfield></datafield><datafield ind1=" " ind2=" " tag="588"><subfield code="a">Description based on: Vol. 1, no. 2 (Mar. 13, 1885).</subfield></datafield><datafield ind1=" " ind2=" " tag="752"><subfield code="a">United States</subfield><subfield code="b">North Carolina</subfield><subfield code="c">Burke</subfield><subfield code="d">Morganton.</subfield></datafield><datafield ind1="0" ind2="0" tag="780"><subfield code="t">Carolina mountaineer</subfield><subfield code="w">(DLC)sn 91068497</subfield></datafield><datafield ind1="0" ind2="5" tag="780"><subfield code="t">Burke enterprise</subfield></datafield><datafield ind1="0" ind2="5" tag="780"><subfield code="t">Burke blade</subfield></datafield><datafield ind1="0" ind2="0" tag="785"><subfield code="t">Morganton herald</subfield><subfield code="w">(DLC)sn 91099173</subfield></datafield></record>